@article{johansson2012,
  title={QuTiP: An open-source Python framework for the dynamics of open quantum systems},
  author={Johansson, J. R. and Nation, P. D. and Nori, F.},
  journal={Computer Physics Communications},
  volume={183},
  number={8},
  pages={1760--1772},
  year={2012},
  publisher={Elsevier}
}
@article{bishop2009,
  title={Nonlinear response of the vacuum Rabi resonance},
  author={Bishop, Lev S and Chow, JM and Koch, Jens and Houck, AA and Devoret, MH and Thuneberg, E and Girvin, SM and Schoelkopf, RJ},
  journal={Nature Physics},
  volume={5},
  number={2},
  pages={105--109},
  year={2009},
  publisher={Nature Publishing Group}
}

